@article{weranders,
	author = "Hans Weranders",
	title ="Der Titel ist seine Allegorie seiner selbst",
	journal ="Bücher über dies und das",
	year="1999",
	month="Februar",
	pages = "257-286",
	note = {abgerufen von \url{http://www.bretschneidernet.de/tips/octave_bildverarbeitung.html} am 22.3.2014},
}
@misc{thesislatex,
  title = "Bachelorarbeit und Masterarbeit mit LaTeX schreiben",
  author = "Martin Bretschneider",
  howpublished = "\url{http://www.bretschneidernet.de/tips/thesislatex.html}",
  year = "2006",
  note = "letzter Zugriff: 25.2.2017"
}
@inproceedings{Zhang,
author = {Zhang, Zhengyou},
title = {A Flexible New Technique for Camera Calibration},
booktitle = {},
year = {2000},
month = {December},
publisher = {},
url = {https://www.microsoft.com/en-us/research/publication/a-flexible-new-technique-for-camera-calibration/},
address = {},
pages = {1330–1334},
journal = {IEEE Transactions on Pattern Analysis and Machine Intelligence},
volume = {22},
chapter = {},
isbn = {},
}